<?xml version="1.0" encoding="UTF-8"?><collection xmlns="http://www.loc.gov/MARC21/slim"><record><leader>00556nam--2200169-i-4500</leader><controlfield tag="001">000017238</controlfield><controlfield tag="002">20161230</controlfield><controlfield tag="005">20170108232649</controlfield><controlfield tag="008">060222s1000------------r-----000-0-eng-d</controlfield><datafield ind1=" " ind2=" " tag="040"><subfield code="a">IFIN-HH</subfield></datafield><datafield ind1=" " ind2=" " tag="080"><subfield code="a">53(061.3)</subfield></datafield><datafield ind1="1" ind2=" " tag="100"><subfield code="a">Paraskevopoulos, K.M</subfield></datafield><datafield ind1="1" ind2="0" tag="245"><subfield code="a">Proceedings of the 1st General Conference of the Balkan Physical Union. September 26-28, 1991 Thessaloniki, Greece. Vol. II</subfield><subfield code="c">K.M.Paraskevopoulos</subfield></datafield><datafield ind1=" " ind2=" " tag="260"><subfield code="a">Thessaloniki Branch</subfield><subfield code="b">Hellenic Physical Society</subfield></datafield><datafield ind1=" " ind2=" " tag="300"><subfield code="a">/549 p./-1194 p</subfield></datafield><datafield ind1=" " ind2=" " tag="852"><subfield code="a">80140</subfield><subfield code="c">53</subfield></datafield><datafield ind1=" " ind2=" " tag="CAT"><subfield code="a">SYS</subfield><subfield code="c">20170108</subfield><subfield code="h">232649</subfield></datafield></record></collection>